@manual{eps-fsat,
    title           = {EPS 1.0 Documentation},
    organization    = {Space Technology Research Laboratory (SpaceLab)},
    year            = {2019},
    note            = {Available at <\href{https://github.com/spacelab-ufsc/eps}{https://github.com/spacelab-ufsc/eps}>}
}
