@manual{floripasat2-doc,
    title           = {FloripaSat-2 Documentation},
    organization    = {Space Technology Research Laboratory (SpaceLab)},
    year            = {2021},
    note            = {Available at <\href{https://github.com/spacelab-ufsc/floripasat2-doc}{https://github.com/spacelab-ufsc/floripasat2-doc}>}
}
