@manual{golds-ufsc-doc,
    title           = {GOLDS-UFSC Documentation},
    organization    = {Space Technology Research Laboratory (SpaceLab)},
    year            = {2021},
    note            = {Available at <\href{https://github.com/spacelab-ufsc/golds-ufsc-doc}{https://github.com/spacelab-ufsc/golds-ufsc-doc}>}
}
