@misc{iip,
    author  = {{SpaceLab}},
    title   = {{Interstage Interface Panels}},
    year    = {2021},
    note    = {Available at <\href{https://github.com/spacelab-ufsc/interface-board}{https://github.com/spacelab-ufsc/interface-board}>}
}